<?xml version="1.0" encoding="UTF-8"?>
<collection xmlns:xsi="http://www.w3.org/2001/XMLSchema-instance" xsi:schemaLocation="http://www.loc.gov/MARC21/slim http://www.loc.gov/standards/marcxml/schema/MARC21slim.xsd" xmlns="http://www.loc.gov/MARC21/slim">
<record>
  <leader>01137cam a2200241 a 4500</leader>
  <controlfield tag="001">283698</controlfield>
  <controlfield tag="003">NNC</controlfield>
  <controlfield tag="005">20130423022739.0</controlfield>
  <controlfield tag="008">841214r19831914ir            000 0 ara d</controlfield>
  <datafield tag="035" ind1=" " ind2=" ">
    <subfield code="a">(OCoLC)123190789</subfield>
  </datafield>
  <datafield tag="035" ind1=" " ind2=" ">
    <subfield code="a">(OCoLC)ocn123190789</subfield>
  </datafield>
  <datafield tag="035" ind1=" " ind2=" ">
    <subfield code="a">(CStRLIN)NYCG84-B88498</subfield>
  </datafield>
  <datafield tag="035" ind1=" " ind2=" ">
    <subfield code="9">ABF7957CU</subfield>
  </datafield>
  <datafield tag="035" ind1=" " ind2=" ">
    <subfield code="a">(NNC)283698</subfield>
  </datafield>
  <datafield tag="040" ind1=" " ind2=" ">
    <subfield code="a">NNC</subfield>
    <subfield code="c">NNC</subfield>
  </datafield>
  <datafield tag="090" ind1=" " ind2=" ">
    <subfield code="a">BP130.4</subfield>
    <subfield code="b">.T343 1983</subfield>
  </datafield>
  <datafield tag="100" ind1="1" ind2=" ">
    <subfield code="a">Ṭabarsī, al-Faḍl ibn al-Ḥasan,</subfield>
    <subfield code="d">-1153.</subfield>
  </datafield>
  <datafield tag="245" ind1="1" ind2="0">
    <subfield code="a">Majmaʻ al-bayān fī tafsīr al-Qurʾ ān /</subfield>
    <subfield code="c">li-muʾallifihi Abū ʻAlī al-Faḍl ibn al-Ḥasan al-Ṭabarsī ; waqafa ʻalá taṣḥīḥihi fiʾah min afāḍil al-ʻulamāʾ.</subfield>
  </datafield>
  <datafield tag="260" ind1=" " ind2=" ">
    <subfield code="a">Qum :</subfield>
    <subfield code="b">Maktabat Āyat Allāh al-ʻUẓmá al-Marʻashī al-Najafī,</subfield>
    <subfield code="c">1403 [1983]</subfield>
  </datafield>
  <datafield tag="300" ind1=" " ind2=" ">
    <subfield code="a">10 v. in 5 ;</subfield>
    <subfield code="c">30 cm.</subfield>
  </datafield>
  <datafield tag="500" ind1=" " ind2=" ">
    <subfield code="a">"Kull majallad ʻibārah ʻan nayyif wa-khamsumiʾat ṣafḥah bi-hādhā al-ḥajm wa-yakūnu majmūʻuhu maʻa al-fahāris zuhāʾa thalāthat ālāf ṣafḥah."</subfield>
  </datafield>
  <datafield tag="534" ind1="0" ind2=" ">
    <subfield code="p">Reprint. Originally published:</subfield>
    <subfield code="c">Ṣaydā : Maṭbaʻat al-ʻUrfān, 1333 [1914 or 1915]</subfield>
  </datafield>
  <datafield tag="630" ind1="0" ind2="0">
    <subfield code="a">Qurʼan</subfield>
    <subfield code="x">Criticism, interpretation, etc.</subfield>
  </datafield>
  <datafield tag="955" ind1=" " ind2=" ">
    <subfield code="b">0043322263</subfield>
    <subfield code="d">glx</subfield>
    <subfield code="e">BP130.4 .T343 1983</subfield>
    <subfield code="v">v.2</subfield>
  </datafield>
</record>
</collection>